@misc{multiclass_roc,
    key = {multiclass_roc},
    title = "{Multiclass Receiver Operating Characteristic (ROC)}",
    howpublished = {\url{https://scikit-learn.org/stable/auto_examples/model_selection/plot_roc.html}},
}
@article{platt1999probabilistic,
    title={Probabilistic outputs for support vector machines and comparisons to regularized likelihood methods},
    author={Platt, John and others},
    journal={Advances in large margin classifiers},
    volume={10},
    number={3},
    pages={61--74},
    year={1999},
    publisher={Cambridge, MA}
}
@article{wu2003probability,
  title={Probability estimates for multi-class classification by pairwise coupling},
  author={Wu, Ting-Fan and Lin, Chih-Jen and Weng, Ruby},
  journal={Advances in Neural Information Processing Systems},
  volume={16},
  year={2003}
}